
@inproceedings{grimmer,
	Address = {New York, NY, USA},
	Author = {Grimmer, Matthias and Seaton, Chris and Schatz, Roland and W\"{u}rthinger and M\"{o}ssenb\"{o}ck, Hanspeter},
	Booktitle = {Proceedings of the 11th Symposium on Dynamic Languages},
	Location = {Pittsburgh, Pennsylvania, USA},
	Publisher = {ACM},
	Series = {DLS '15},
	Title = {{High-Performance Cross-Language Interoperability in a Multi-Language Runtime}},
	Year = {2015},
	Bdsk-Url-1 = {http://doi.acm.org/10.1145/2384577.2384587},
	Bdsk-Url-2 = {http://dx.doi.org/10.1145/2384577.2384587}}
