
@misc { bib:bradley1,
	author 			= "Steven Bradley",
	title 			= "Exploration Of Single-Page Websites",
	howpublished 	= "Online",
	note         	= "\url{http://www.smashingmagazine.com/2012/11/navigation-patterns-in-single-page-websites/}",
	year			= 2012,
	publisher		= "Smashing Magazine"
}

@misc { bib:latexintro,
	author    = "T.~Oetiker, et.al.",
	title     = "The not so short introduction into LaTeX",
	year      =  2015,
	howpublished 	= "Online",
	note         	= "\url{https://tobi.oetiker.ch/lshort/lshort.pdf}"
}	

@misc { bib:wikilitverz,
    title           = "Literaturverzeichnis",
	howpublished 	= "Wikipedia",
	note         	= "\url{http://de.wikipedia.org/wiki/Literaturverzeichnis}"
}	

@misc { bib:wikiplagiat,
    title           = "Plagiat",
	howpublished 	= "Wikipedia",
	note         	= "\url{http://de.wikipedia.org/wiki/Plagiat}"
}	

@book{ bib:uhlenbruck1,
	author    = "Gerhard Uhlenbruck",
	title     = "Kein Blatt vor den Mund nehmen",
	publisher = "Ralf Reglin Verlag KÃ¶ln",
	year      =  2005,
    isbn      = "3-930620-25-1"
}
